@article{wrt,
	title={Weighted Radon transform for line detection in noisy images},
	author={Alpatov, Boris A and Babayan, Pavel V and Shubin, Nikita Y},
	journal={Journal of Electronic Imaging},
	volume={24},
	number={2},
	pages={023023},
	year={2015},
	publisher={International Society for Optics and Photonics},
	doi={https://doi.org/10.1117/1.JEI.24.2.023023},
}

@inproceedings{mas,
	title={Neural network in a multi-agent system for line detection task in images},
	author={Babayan, P V and Shubin, N Yu},
	booktitle={Pattern Recognition and Tracking XXX},
	volume={10995},
	pages={1099504},
	year={2019},
	organization={International Society for Optics and Photonics}
}

@misc{inpainting,
	howpublished = "Pet Project <<Inpainting>>. URL:~\url{https://drive.google.com/drive/folders/15bziph6GPgUO6puPxC9KjhPWosmSnom5}"
}
